@MastersThesis{knutzen2013,
author = {H{\aa}kon Knutzen},
title = {Haptics in the Air - Exploring Vibrotactile Feedback for Digital Musical Instruments with Open Air Controllers},
school = {University of Oslo},
year = {2013},
}

@inproceedings{knutzen_vibrotactile_2014,
	title = {Vibrotactile Feedback for an Open Air Music Controller},
	booktitle = {Post Proceedings of the 10th International Symposium on Computer Music Multidisciplinary Research (to appear)},
	author = {Knutzen, HÃ¥kon and Kvifte, Tellef and Wanderley, Marcelo M.},
	year = {2014},
	file = {cmmr2013_submission_97(4).pdf:/Users/hakonknutzen/Library/Application Support/Firefox/Profiles/mf7g6b0m.default/zotero/storage/NV54WE77/cmmr2013_submission_97(4).pdf:application/pdf},
}