@inproceedings{Nymoen:2014b,
	Author = {K. Nymoen and A. Chandra and K. Glette and J. Torresen and A. Voldsund and A.~R. Jensenius},
	Booktitle = {Proceedings of the joint International Computer Music Conference and Sound and Music Computing Conference},
	Title = {PheroMusic: Navigating a Musical Space for Active Music Experiences},
	Year = {2014},
	Address = {Athens, Greece},
}